@misc{so_luong_doanh_nghiep,
    urldate = {2023-06-27},
    url = {https://thoibaotaichinhvietnam.vn/doanh-nghiep-viet-nam-da-u-a-n-tang-truo-ng-qua-ke-t-qua-to-ng-die-u-tra-kinh-te-nam-2021-109675.html}
}

@misc{demand,
    urldate = {2023-07-10},
    url = {https://www.globenewswire.com/news-release/2021/06/22/2251205/0/en/Time-Tracking-Software-Market-to-Exhibit-20-CAGR-by-2026-Report-by-Market-Research-Future-MRFR.html}
}

@article{elharrouss2021review,
  title={A review of video surveillance systems},
  author={Elharrouss, Omar and Almaadeed, Noor and Al-Maadeed, Somaya},
  journal={Journal of Visual Communication and Image Representation},
  volume={77},
  pages={103116},
  year={2021},
  publisher={Elsevier}
}

@article{sarwar2019machine,
  title={Machine learning at the network edge: a survey},
  author={Sarwar Murshed, MG and Murphy, Christopher and Hou, Daqing and Khan, Nazar and Ananthanarayanan, Ganesh and Hussain, Faraz},
  journal={arXiv e-prints},
  pages={arXiv--1908},
  year={2019}
}

@article{neves2016biometric,
  title={Biometric recognition in surveillance scenarios: a survey},
  author={Neves, Jo{\~a}o and Narducci, Fabio and Barra, Silvio and Proen{\c{c}}a, Hugo},
  journal={Artificial Intelligence Review},
  volume={46},
  pages={515--541},
  year={2016},
  publisher={Springer}
}

@article{ye2021deep,
  title={Deep learning for person re-identification: A survey and outlook},
  author={Ye, Mang and Shen, Jianbing and Lin, Gaojie and Xiang, Tao and Shao, Ling and Hoi, Steven CH},
  journal={IEEE transactions on pattern analysis and machine intelligence},
  volume={44},
  number={6},
  pages={2872--2893},
  year={2021},
  publisher={IEEE}
}

@inproceedings{karanam2015person,
  title={Person re-identification with discriminatively trained viewpoint invariant dictionaries},
  author={Karanam, Srikrishna and Li, Yang and Radke, Richard J},
  booktitle={Proceedings of the IEEE international conference on computer vision},
  pages={4516--4524},
  year={2015}
}

@inproceedings{matsukawa2016hierarchical,
  title={Hierarchical gaussian descriptor for person re-identification},
  author={Matsukawa, Tetsu and Okabe, Takahiro and Suzuki, Einoshin and Sato, Yoichi},
  booktitle={Proceedings of the IEEE conference on computer vision and pattern recognition},
  pages={1363--1372},
  year={2016}
}

@inproceedings{farenzena2010person,
  title={Person re-identification by symmetry-driven accumulation of local features},
  author={Farenzena, Michela and Bazzani, Loris and Perina, Alessandro and Murino, Vittorio and Cristani, Marco},
  booktitle={2010 IEEE computer society conference on computer vision and pattern recognition},
  pages={2360--2367},
  year={2010},
  organization={IEEE}
}

@article{pang2011efficient,
  title={Efficient HOG human detection},
  author={Pang, Yanwei and Yuan, Yuan and Li, Xuelong and Pan, Jing},
  journal={Signal processing},
  volume={91},
  number={4},
  pages={773--781},
  year={2011},
  publisher={Elsevier}
}

@inproceedings{girshick2014rich,
  title={Rich feature hierarchies for accurate object detection and semantic segmentation},
  author={Girshick, Ross and Donahue, Jeff and Darrell, Trevor and Malik, Jitendra},
  booktitle={Proceedings of the IEEE conference on computer vision and pattern recognition},
  pages={580--587},
  year={2014}
}

@article{o2015introduction,
  title={An introduction to convolutional neural networks},
  author={O'Shea, Keiron and Nash, Ryan},
  journal={arXiv preprint arXiv:1511.08458},
  year={2015}
}

@inproceedings{girshick2015fast,
  title={Fast r-cnn},
  author={Girshick, Ross},
  booktitle={Proceedings of the IEEE international conference on computer vision},
  pages={1440--1448},
  year={2015}
}

@article{ren2015faster,
  title={Faster r-cnn: Towards real-time object detection with region proposal networks},
  author={Ren, Shaoqing and He, Kaiming and Girshick, Ross and Sun, Jian},
  journal={Advances in neural information processing systems},
  volume={28},
  year={2015}
}

@inproceedings{redmon2016you,
  title={You only look once: Unified, real-time object detection},
  author={Redmon, Joseph and Divvala, Santosh and Girshick, Ross and Farhadi, Ali},
  booktitle={Proceedings of the IEEE conference on computer vision and pattern recognition},
  pages={779--788},
  year={2016}
}

@software{glenn_jocher_2022_7347926,
  author       = {Glenn Jocher and
                  Ayush Chaurasia and
                  Alex Stoken and
                  Jirka Borovec and
                  NanoCode012 and
                  Yonghye Kwon and
                  Kalen Michael and
                  TaoXie and
                  Jiacong Fang and
                  imyhxy and
                  Lorna and
                  曾逸夫(Zeng Yifu) and
                  Colin Wong and
                  Abhiram V and
                  Diego Montes and
                  Zhiqiang Wang and
                  Cristi Fati and
                  Jebastin Nadar and
                  Laughing and
                  UnglvKitDe and
                  Victor Sonck and
                  tkianai and
                  yxNONG and
                  Piotr Skalski and
                  Adam Hogan and
                  Dhruv Nair and
                  Max Strobel and
                  Mrinal Jain},
  title        = {{ultralytics/yolov5: v7.0 - YOLOv5 SOTA Realtime 
                   Instance Segmentation}},
  month        = nov,
  year         = 2022,
  publisher    = {Zenodo},
  version      = {v7.0},
  doi          = {10.5281/zenodo.7347926},
  url          = {https://doi.org/10.5281/zenodo.7347926}
}

@article{li2020semi,
  title={Semi-supervised clustering with deep metric learning and graph embedding},
  author={Li, Xiaocui and Yin, Hongzhi and Zhou, Ke and Zhou, Xiaofang},
  journal={World Wide Web},
  volume={23},
  pages={781--798},
  year={2020},
  publisher={Springer}
}

@article{deng2019deep,
  title={Deep metric learning-based feature embedding for hyperspectral image classification},
  author={Deng, Bin and Jia, Sen and Shi, Daming},
  journal={IEEE Transactions on Geoscience and Remote Sensing},
  volume={58},
  number={2},
  pages={1422--1435},
  year={2019},
  publisher={IEEE}
}

@article{cao2020enhancing,
  title={Enhancing remote sensing image retrieval using a triplet deep metric learning network},
  author={Cao, Rui and Zhang, Qian and Zhu, Jiasong and Li, Qing and Li, Qingquan and Liu, Bozhi and Qiu, Guoping},
  journal={International Journal of Remote Sensing},
  volume={41},
  number={2},
  pages={740--751},
  year={2020},
  publisher={Taylor \& Francis}
}

@inproceedings{sandler2018mobilenetv2,
  title={Mobilenetv2: Inverted residuals and linear bottlenecks},
  author={Sandler, Mark and Howard, Andrew and Zhu, Menglong and Zhmoginov, Andrey and Chen, Liang-Chieh},
  booktitle={Proceedings of the IEEE conference on computer vision and pattern recognition},
  pages={4510--4520},
  year={2018}
}

@inproceedings{schroff2015facenet,
  title={Facenet: A unified embedding for face recognition and clustering},
  author={Schroff, Florian and Kalenichenko, Dmitry and Philbin, James},
  booktitle={Proceedings of the IEEE conference on computer vision and pattern recognition},
  pages={815--823},
  year={2015}
}

@inproceedings{hadsell2006dimensionality,
  title={Dimensionality reduction by learning an invariant mapping},
  author={Hadsell, Raia and Chopra, Sumit and LeCun, Yann},
  booktitle={2006 IEEE computer society conference on computer vision and pattern recognition (CVPR'06)},
  volume={2},
  pages={1735--1742},
  year={2006},
  organization={IEEE}
}

@article{hermans2017defense,
  title={In defense of the triplet loss for person re-identification},
  author={Hermans, Alexander and Beyer, Lucas and Leibe, Bastian},
  journal={arXiv preprint arXiv:1703.07737},
  year={2017}
}

@article{reid1979algorithm,
  title={An algorithm for tracking multiple targets},
  author={Reid, Donald},
  journal={IEEE transactions on Automatic Control},
  volume={24},
  number={6},
  pages={843--854},
  year={1979},
  publisher={IEEE}
}

@inproceedings{bewley2016simple,
  title={Simple online and realtime tracking},
  author={Bewley, Alex and Ge, Zongyuan and Ott, Lionel and Ramos, Fabio and Upcroft, Ben},
  booktitle={2016 IEEE international conference on image processing (ICIP)},
  pages={3464--3468},
  year={2016},
  organization={IEEE}
}

@inproceedings{wojke2017simple,
  title={Simple online and realtime tracking with a deep association metric},
  author={Wojke, Nicolai and Bewley, Alex and Paulus, Dietrich},
  booktitle={2017 IEEE international conference on image processing (ICIP)},
  pages={3645--3649},
  year={2017},
  organization={IEEE}
}

@article{mekkayil2018object,
  title={Object Tracking with Correlation Filters using Selective Single Background Patch},
  author={Mekkayil, Lasitha and Ramasangu, Hariharan},
  journal={arXiv preprint arXiv:1805.03453},
  year={2018}
}

@inproceedings{bolme2010visual,
  title={Visual object tracking using adaptive correlation filters},
  author={Bolme, David S and Beveridge, J Ross and Draper, Bruce A and Lui, Yui Man},
  booktitle={2010 IEEE computer society conference on computer vision and pattern recognition},
  pages={2544--2550},
  year={2010},
  organization={IEEE}
}

@inproceedings{verges2001object,
  title={Object tracking system using colour histograms},
  author={Verg{\'e}s-Llah{\'\i}, J and Aranda, J and Sanfeliu, A and others},
  booktitle={Proceedings of the 9th Spanish Symposium on Pattern Recognition and Image Analysis},
  pages={225--230},
  year={2001}
}

@inproceedings{zivkovic2004like,
  title={An EM-like algorithm for color-histogram-based object tracking},
  author={Zivkovic, Zoran and Krose, Ben},
  booktitle={Proceedings of the 2004 IEEE Computer Society Conference on Computer Vision and Pattern Recognition, 2004. CVPR 2004.},
  volume={1},
  pages={I--I},
  year={2004},
  organization={IEEE}
}

@article{kalman,
    Author = {Kalman, Rudolph Emil},
    Title = {A New Approach to Linear Filtering and Prediction Problems},
    Journal = {Transactions of the ASME--Journal of Basic Engineering},
    Volume = {82},
    Number = {Series D},
    Pages = {35--45},
    Year = {1960}
}

@inproceedings{lin2014microsoft,
  title={Microsoft coco: Common objects in context},
  author={Lin, Tsung-Yi and Maire, Michael and Belongie, Serge and Hays, James and Perona, Pietro and Ramanan, Deva and Doll{\'a}r, Piotr and Zitnick, C Lawrence},
  booktitle={Computer Vision--ECCV 2014: 13th European Conference, Zurich, Switzerland, September 6-12, 2014, Proceedings, Part V 13},
  pages={740--755},
  year={2014},
  organization={Springer}
}

@article{singh2023edge,
  title={Edge AI: a survey},
  author={Singh, Raghubir and Gill, Sukhpal Singh},
  journal={Internet of Things and Cyber-Physical Systems},
  year={2023},
  publisher={Elsevier}
}

@article{agarwal2020lightweight,
  title={A lightweight deep learning model for human activity recognition on edge devices},
  author={Agarwal, Preeti and Alam, Mansaf},
  journal={Procedia Computer Science},
  volume={167},
  pages={2364--2373},
  year={2020},
  publisher={Elsevier}
}

@article{zheng2016person,
  title={Person Re-identification in the Wild},
  author={Zheng, Liang and Zhang, Hengheng and Sun, Shaoyan and Chandraker, Manmohan and Tian, Qi},
  journal={arXiv preprint arXiv:1604.02531},
  year={2016}
}

@inproceedings{li2014deepreid,
  title={DeepReID: Deep Filter Pairing Neural Network for Person Re-identification},
  author={Li, Wei and Zhao, Rui and Xiao, Tong and Wang, Xiaogang},
  booktitle={CVPR},
  year={2014}
}

@article{kingma2014adam,
  title={Adam: A method for stochastic optimization},
  author={Kingma, Diederik P and Ba, Jimmy},
  journal={arXiv preprint arXiv:1412.6980},
  year={2014}
}

@misc{jetsonnano,
    urldate = {2023-07-13},
    url = {https://developer.nvidia.com/embedded/jetson-nano-developer-kit}
}

@misc{tensorflow,
    urldate = {2023-07-13},
    url = {https://www.tensorflow.org/}
}

@misc{pytorch,
    urldate = {2023-07-13},
    url = {https://pytorch.org/}
}

@software{norfair,
  author       = {Joaquín Alori and
                  Alan Descoins and
                  javier and
                  Facundo Lezama and
                  KotaYuhara and
                  Diego Fernández and
                  Agustín Castro and
                  fatih and
                  David and
                  Rocío Cruz Linares and
                  Francisco Kurucz and
                  Braulio Ríos and
                  shafu.eth and
                  Kadir Nar and
                  David Huh and
                  Moises},
  title        = {tryolabs/norfair: v2.2.0},
  month        = jan,
  year         = 2023,
  publisher    = {Zenodo},
  version      = {v2.2.0},
  doi          = {10.5281/zenodo.7504727},
  url          = {https://doi.org/10.5281/zenodo.7504727}
}

@misc{tensorrt,
    urldate = {2023-07-13},
    url = {https://developer.nvidia.com/tensorrt#:~:text=TensorRT%2C%20built%20on%20the%20NVIDIA,and%20others%20on%20NVIDIA%20GPUs.}
}

@misc{opencv,
    urldate = {2023-07-13},
    url = {https://opencv.org/}
}

@inproceedings{herzog2021lightweight,
  title={Lightweight multi-branch network for person re-identification},
  author={Herzog, Fabian and Ji, Xunbo and Teepe, Torben and H{\"o}rmann, Stefan and Gilg, Johannes and Rigoll, Gerhard},
  booktitle={2021 IEEE International Conference on Image Processing (ICIP)},
  pages={1129--1133},
  year={2021},
  organization={IEEE}
}

@inproceedings{sun2018beyond,
  title={Beyond part models: Person retrieval with refined part pooling (and a strong convolutional baseline)},
  author={Sun, Yifan and Zheng, Liang and Yang, Yi and Tian, Qi and Wang, Shengjin},
  booktitle={Proceedings of the European conference on computer vision (ECCV)},
  pages={480--496},
  year={2018}
}

@inproceedings{wang2018learning,
  title={Learning discriminative features with multiple granularities for person re-identification},
  author={Wang, Guanshuo and Yuan, Yufeng and Chen, Xiong and Li, Jiwei and Zhou, Xi},
  booktitle={Proceedings of the 26th ACM international conference on Multimedia},
  pages={274--282},
  year={2018}
}

@inproceedings{zheng2019pyramidal,
  title={Pyramidal person re-identification via multi-loss dynamic training},
  author={Zheng, Feng and Deng, Cheng and Sun, Xing and Jiang, Xinyang and Guo, Xiaowei and Yu, Zongqiao and Huang, Feiyue and Ji, Rongrong},
  booktitle={Proceedings of the IEEE/CVF conference on computer vision and pattern recognition},
  pages={8514--8522},
  year={2019}
}

@inproceedings{zhang2019densely,
  title={Densely semantically aligned person re-identification},
  author={Zhang, Zhizheng and Lan, Cuiling and Zeng, Wenjun and Chen, Zhibo},
  booktitle={Proceedings of the IEEE/CVF conference on computer vision and pattern recognition},
  pages={667--676},
  year={2019}
}

@article{ding2020multi,
  title={Multi-task learning with coarse priors for robust part-aware person re-identification},
  author={Ding, Changxing and Wang, Kan and Wang, Pengfei and Tao, Dacheng},
  journal={IEEE Transactions on Pattern Analysis and Machine Intelligence},
  volume={44},
  number={3},
  pages={1474--1488},
  year={2020},
  publisher={IEEE}
}

@inproceedings{zhang2018shufflenet,
  title={Shufflenet: An extremely efficient convolutional neural network for mobile devices},
  author={Zhang, Xiangyu and Zhou, Xinyu and Lin, Mengxiao and Sun, Jian},
  booktitle={Proceedings of the IEEE conference on computer vision and pattern recognition},
  pages={6848--6856},
  year={2018}
}

@misc{raspberry,
    urldate = {2023-06-27},
    url = {https://www.raspberrypi.com/products/raspberry-pi-4-model-b/}
}

@article{mabrouk2022assessment,
  title={An assessment of Multi Object Tracking on low framerate conditions},
  author={Mabrouk, Anis Yassine Ben and Facciolo, Gabriele and von Gioi, Rafael Grompone and Davy, Axel},
  year={2022}
}

@misc{basehrm,
    urldate = {2023-06-27},
    url = {https://base.vn/platform/hrm}
}

@misc{amishrm,
    urldate = {2023-06-27},
    url = {https://amis.misa.vn/amis-nhan-su/}
}

@inproceedings{taivalsaari2018development,
  title={On the development of IoT systems},
  author={Taivalsaari, Antero and Mikkonen, Tommi},
  booktitle={2018 Third international conference on fog and mobile edge computing (FMEC)},
  pages={13--19},
  year={2018},
  organization={IEEE}
}

@article{sworna2021towards,
  title={Towards development of IoT-ML driven healthcare systems: A survey},
  author={Sworna, Nabila Sabrin and Islam, AKM Muzahidul and Shatabda, Swakkhar and Islam, Salekul},
  journal={Journal of Network and Computer Applications},
  volume={196},
  pages={103244},
  year={2021},
  publisher={Elsevier}
}

@inproceedings{lakhwani2019development,
  title={Development of IoT for smart agriculture a review},
  author={Lakhwani, Kamlesh and Gianey, Hemant and Agarwal, Niket and Gupta, Shashank},
  booktitle={Emerging Trends in Expert Applications and Security: Proceedings of ICETEAS 2018},
  pages={425--432},
  year={2019},
  organization={Springer}
}