@article{example2023,
    title={An Example Research Paper},
    author={Smith, John and Doe, Jane},
    journal={Journal of Example Studies},
    volume={10},
    number={2},
    pages={123--145},
    year={2023},
    publisher={Example Publisher}
}

@book{examplebook2022,
    title={Foundations of Example Theory},
    author={Johnson, Alice},
    year={2022},
    publisher={Academic Press},
    address={New York}
}

@inproceedings{conference2023,
    title={A Conference Paper Example},
    author={Brown, Bob and Wilson, Carol},
    booktitle={Proceedings of the International Conference on Examples},
    pages={67--78},
    year={2023},
    organization={IEEE}
}

@phdthesis{thesis2021,
    title={A Dissertation on Examples},
    author={Davis, Eve},
    year={2021},
    school={University of Examples}
}

@online{website2023,
    title={Online Resource Example},
    author={Example Organization},
    url={https://example.com/resource},
    year={2023},
    note={Accessed: 2023-12-01}
} 